<record><leader>00000cas a2200000 i 4500</leader><controlfield tag="001">881179747</controlfield><controlfield tag="008">140609u19uuuuuuflu|| n       0    0eng c</controlfield><datafield ind1=" " ind2=" " tag="010"><subfield code="a">  2014226747</subfield></datafield><datafield ind1=" " ind2=" " tag="040"><subfield code="a">FUG</subfield><subfield code="b">eng</subfield><subfield code="e">rda</subfield><subfield code="c">FUG</subfield><subfield code="d">FUG</subfield><subfield code="d">OCLCQ</subfield></datafield><datafield ind1=" " ind2=" " tag="037"><subfield code="b">505 West Adams Street, Jacksonville, Florida</subfield></datafield><datafield ind1=" " ind2=" " tag="042"><subfield code="a">pcc</subfield></datafield><datafield ind1=" " ind2=" " tag="043"><subfield code="a">n-us-fl</subfield></datafield><datafield ind1=" " ind2=" " tag="092"><subfield code="a">361.18</subfield><subfield code="b">F636fo</subfield></datafield><datafield ind1="0" ind2="0" tag="245"><subfield code="a">For sale, want and exchange bulletin.</subfield></datafield><datafield ind1=" " ind2="1" tag="264"><subfield code="a">Jacksonville, Florida :</subfield><subfield code="b">Florida State Marketing Bureau.</subfield></datafield><datafield ind1=" " ind2=" " tag="336"><subfield code="a">text</subfield><subfield code="b">txt</subfield><subfield code="2">rdacontent</subfield></datafield><datafield ind1=" " ind2=" " tag="337"><subfield code="a">unmediated</subfield><subfield code="b">n</subfield><subfield code="2">rdamedia</subfield></datafield><datafield ind1=" " ind2=" " tag="338"><subfield code="a">volume</subfield><subfield code="b">nc</subfield><subfield code="2">rdacarrier</subfield></datafield><datafield ind1=" " ind2=" " tag="588"><subfield code="a">Description based on: v.2, no.7 (August 1, 1956); description based on: caption.</subfield></datafield><datafield ind1=" " ind2=" " tag="588"><subfield code="a">Latest issue consulted: v.2, no.7 (August 1, 1956)</subfield></datafield><datafield ind1=" " ind2=" " tag="588"><subfield code="a">This bibliographic record is available under the Creative Commons CC0 "No Rights Reserved" license. The University of Florida Libraries, as creator of this bibliographic record, has waived all rights to it worldwide under copyright law, including all related and neighboring rights, to the extent allowed by law.</subfield></datafield><datafield ind1=" " ind2="0" tag="650"><subfield code="a">Farm produce</subfield><subfield code="z">Florida</subfield><subfield code="x">Marketing</subfield><subfield code="v">Periodicals.</subfield></datafield><datafield ind1=" " ind2="7" tag="650"><subfield code="a">Farm produce</subfield><subfield code="x">Marketing.</subfield><subfield code="2">fast</subfield><subfield code="0">(OCoLC)fst00921182</subfield></datafield><datafield ind1=" " ind2="7" tag="651"><subfield code="a">Florida.</subfield><subfield code="2">fast</subfield><subfield code="0">(OCoLC)fst01205150</subfield></datafield><datafield ind1=" " ind2="7" tag="655"><subfield code="a">Periodicals.</subfield><subfield code="2">fast</subfield><subfield code="0">(OCoLC)fst01411641</subfield></datafield><datafield ind1="1" ind2=" " tag="710"><subfield code="a">Florida.</subfield><subfield code="b">Marketing Bureau.</subfield><subfield code="e">issuing body.</subfield></datafield><datafield ind1="0" ind2="0" tag="785"><subfield code="t">Florida market bulletin</subfield></datafield></record>